@article{huang2015,
  author  = {Huang, Bo and Li, Ying and Han, Xiaoyu and Cui, Yuanzheng and Li, Wenbo and Li, Rongrong},
  journal = {IEEE Geoscience and Remote Sensing Letters},
  title   = {{Cloud Removal From Optical Satellite Imagery With SAR Imagery Using Sparse Representation}},
  year    = {2015},
  volume  = {12},
  number  = {5},
  pages   = {1046-1050},
  doi     = {10.1109/LGRS.2014.2377476}
}

@article{CR_spars_repre_MT_dict_L,
  author  = {Xu, Meng and Jia, Xiuping and Pickering, Mark and Plaza, Antonio J.},
  journal = {IEEE Transactions on Geoscience and Remote Sensing},
  title   = {{Cloud Removal Based on Sparse Representation via Multitemporal Dictionary Learning}},
  year    = {2016},
  volume  = {54},
  number  = {5},
  pages   = {2998-3006},
  doi     = {10.1109/TGRS.2015.2509860}
}

@misc{cGANs_mirza,
  title         = {{Conditional generative adversarial nets}},
  author        = {Mirza, Mehdi and Osindero, Simon},
  year          = {2014},
  eprint        = {1411.1784},
  archiveprefix = {arXiv},
  primaryclass  = {cs.LG},
  url           = {https://arxiv.org/abs/1411.1784}
}

@inproceedings{cycle_GANs,
  author    = {Zhu, Jun-Yan and Park, Taesung and Isola, Phillip and Efros, Alexei A.},
  booktitle = {2017 IEEE International Conference on Computer Vision (ICCV)},
  title     = {{Unpaired Image-to-Image Translation Using Cycle-Consistent Adversarial Networks}},
  year      = {2017},
  volume    = {},
  number    = {},
  pages     = {2242-2251},
  doi       = {10.1109/ICCV.2017.244}
}

@inproceedings{filmy_cloudy_NIR_Enomoto,
  author    = {Enomoto, Kenji and Sakurada, Ken and Wang, Weimin and Fukui, Hiroshi and Matsuoka, Masashi and Nakamura, Ryosuke and Kawaguchi, Nobuo},
  booktitle = {2017 IEEE Conference on Computer Vision and Pattern Recognition Workshops (CVPRW)},
  title     = {{Filmy Cloud Removal on Satellite Imagery with Multispectral Conditional Generative Adversarial Nets}},
  year      = {2017},
  volume    = {},
  number    = {},
  pages     = {1533-1541},
  keywords  = {Image color analysis;Clouds;Training;Synthetic aperture radar;Satellites;Spatial resolution;Colored noise},
  doi       = {10.1109/CVPRW.2017.197}
}

@inproceedings{A_cGAN_fuse_sar_MS_CR,
  author    = {Grohnfeldt, Claas and Schmitt, Michael and Zhu, Xiaoxiang},
  booktitle = {IGARSS 2018 - 2018 IEEE International Geoscience and Remote Sensing Symposium},
  title     = {{A Conditional Generative Adversarial Network to Fuse Sar And Multispectral Optical Data For Cloud Removal From Sentinel-2 Images}},
  year      = {2018},
  volume    = {},
  number    = {},
  pages     = {1726-1729},
  doi       = {10.1109/IGARSS.2018.8519215}
}

@article{syn_ms_sar_opt_MT_cGAN,
  author  = {Bermudez, Jose D. and Happ, Patrick N. and Feitosa, Raul Q. and Oliveira, Dario A. B.},
  journal = {IEEE Geoscience and Remote Sensing Letters},
  title   = {{Synthesis of Multispectral Optical Images From SAR/Optical Multitemporal Data Using Conditional Generative Adversarial Networks}},
  year    = {2019},
  volume  = {16},
  number  = {8},
  pages   = {1220-1224},
  doi     = {10.1109/LGRS.2019.2894734}
}

@inproceedings{sen12_2018,
  title     = {{The SEN1-2 dataset for deep learning in SAR-optical data fusion}},
  author    = {Schmitt, Michael and Hughes, L. H. and Zhu, Xiao Xiang},
  booktitle = {ISPRS Annals of Photogrammetry, Remote Sensing and Spatial Information Sciences},
  volume    = {IV-1},
  pages     = {141--146},
  year      = {2018}
}

@inproceedings{sen12ms_2019,
  title     = {{SEN12MS--A curated dataset of georeferenced multi-spectral Sentinel-1/2 imagery for deep learning and data fusion}},
  author    = {Schmitt, Michael and Hughes, L. H. and Qiu, C. and Zhu, Xiao Xiang},
  booktitle = {ISPRS Annals of Photogrammetry, Remote Sensing and Spatial Information Sciences},
  volume    = {IV-2/W7},
  pages     = {153--160},
  year      = {2019}
}

@article{sen12ms-cr_2021,
  title   = {{Multisensor Data Fusion for Cloud Removal in Global and All-Season Sentinel-2 Imagery}},
  author  = {Ebel, Patrick and Meraner, Andrea and Schmitt, Michael and Zhu, Xiao Xiang},
  journal = {IEEE Transactions on Geoscience and Remote Sensing},
  year    = {2021},
  volume  = {59},
  number  = {7},
  pages   = {5866-5878},
  doi     = {10.1109/TGRS.2020.3024744}
}

@article{sen12ms-cr-ts_2022,
  title   = {{SEN12MS-CR-TS: A Remote-Sensing Data Set for Multimodal Multitemporal Cloud Removal}},
  author  = {Ebel, Patrick and Xu, Yajin and Schmitt, Michael and Zhu, Xiao Xiang},
  journal = {IEEE Transactions on Geoscience and Remote Sensing},
  year    = {2022},
  volume  = {60},
  pages   = {1-14},
  doi     = {10.1109/TGRS.2022.3146246}
}

@misc{RICE_dataset,
  title         = {{A Remote Sensing Image Dataset for Cloud Removal}},
  author        = {Daoyu Lin and Guangluan Xu and Xiaoke Wang and Yang Wang and Xian Sun and Kun Fu},
  year          = {2019},
  eprint        = {1901.00600},
  archiveprefix = {arXiv},
  primaryclass  = {cs.CV},
  url           = {https://arxiv.org/abs/1901.00600}
}

@article{sar2opt_cGAN_Optim_oppr_limits,
  author         = {Fuentes Reyes, Mario and Auer, Stefan and Merkle, Nina and Henry, Corentin and Schmitt, Michael},
  title          = {{SAR-to-Optical Image Translation Based on Conditional Generative Adversarial Networksâ€”Optimization, Opportunities and Limits}},
  journal        = {Remote Sensing},
  volume         = {11},
  year           = {2019},
  number         = {17},
  article-number = {2067},
  url            = {https://www.mdpi.com/2072-4292/11/17/2067},
  issn           = {2072-4292},
  doi            = {10.3390/rs11172067}
}

@article{s2ot_s_cycle_adv,
  author  = {Wang, Lei and Xu, Xin and Yu, Yue and Yang, Rui and Gui, Rong and Xu, Zhaozhuo and Pu, Fangling},
  journal = {IEEE Access},
  title   = {{SAR-to-Optical Image Translation Using Supervised Cycle-Consistent Adversarial Networks}},
  year    = {2019},
  volume  = {7},
  number  = {},
  pages   = {129136-129149},
  doi     = {10.1109/ACCESS.2019.2939649}
}

@inproceedings{GAN_gen_synt_MS,
  title     = {{GAN generation of synthetic multispectral satellite images}},
  author    = {{Abady}, L. and {Barni}, M. and {Garzelli}, A. and {Tondi}, B.},
  booktitle = {Image and Signal Processing for Remote Sensing XXVI},
  year      = {2020},
  series    = {Society of Photo-Optical Instrumentation Engineers (SPIE) Conference Series},
  volume    = {11533},
  month     = sep,
  eid       = {115330L},
  pages     = {115330L},
  doi       = {10.1117/12.2575765},
  adsurl    = {https://ui.adsabs.harvard.edu/abs/2020SPIE11533E..0LA},
  adsnote   = {Provided by the SAO/NASA Astrophysics Data System}
}

@misc{CR_RS_spati_atten_GAN,
  title         = {{Cloud Removal for Remote Sensing Imagery via Spatial Attention Generative Adversarial Network}},
  author        = {Heng Pan},
  year          = {2020},
  eprint        = {2009.13015},
  archiveprefix = {arXiv},
  primaryclass  = {eess.IV},
  url           = {https://arxiv.org/abs/2009.13015}
}

@article{CR_RS_GAN_s2o,
  title    = {{Cloud Removal in Remote Sensing Images Using Generative Adversarial Networks and SAR-to-Optical Image Translation}},
  author   = {Darbaghshahi, Faramarz Naderi and Mohammadi, Mohammad Reza and Soryani, Mohsen},
  journal  = {IEEE Transactions on Geoscience and Remote Sensing},
  year     = {2022},
  volume   = {60},
  pages    = {1-9},
  doi      = {10.1109/TGRS.2021.3131035},
  keywords = {Clouds;Generative adversarial networks;Optical imaging;Generators;Optical sensors;Synthetic aperture radar;Radar polarimetry;Cloud removal;deep learning;generative adversarial network (GAN);optical imagery;SAR-to-optical translation;synthetic aperture radar (SAR)}
}

@misc{UnCRtainTS,
  title         = {{UnCRtainTS: Uncertainty Quantification for Cloud Removal in Optical Satellite Time Series}},
  author        = {Patrick Ebel and Vivien Sainte Fare Garnot and Michael Schmitt and Jan Dirk Wegner and Xiao Xiang Zhu},
  year          = {2023},
  eprint        = {2304.05464},
  archiveprefix = {arXiv},
  primaryclass  = {cs.CV},
  url           = {https://arxiv.org/abs/2304.05464}
}

@article{c_diffusion_s2o,
  author  = {Bai, Xinyu and Pu, Xinyang and Xu, Feng},
  journal = {IEEE Geoscience and Remote Sensing Letters},
  title   = {{Conditional Diffusion for SAR to Optical Image Translation}},
  year    = {2024},
  volume  = {21},
  number  = {},
  pages   = {1-5},
  doi     = {10.1109/LGRS.2023.3337143}
}

@article{DiffCR,
  author  = {Zou, Xuechao and Li, Kai and Xing, Junliang and Zhang, Yu and Wang, Shiying and Jin, Lei and Tao, Pin},
  journal = {IEEE Transactions on Geoscience and Remote Sensing},
  title   = {{DiffCR: A Fast Conditional Diffusion Framework for Cloud Removal From Optical Satellite Images}},
  year    = {2024},
  volume  = {62},
  number  = {},
  pages   = {1-14},
  doi     = {10.1109/TGRS.2024.3365806}
}

@inproceedings{s2o_color_super_diff,
  author    = {Bai, Xinyu and Xu, Feng},
  booktitle = {IGARSS 2024 - 2024 IEEE International Geoscience and Remote Sensing Symposium},
  title     = {{SAR to Optical Image Translation with Color Supervised Diffusion Model}},
  year      = {2024},
  volume    = {},
  number    = {},
  pages     = {963-966},
  doi       = {10.1109/IGARSS53475.2024.10640647}
}

@article{assessing_MT_cGANS_s2o_crop,
  author         = {Kwak, Geun-Ho and Park, No-Wook},
  title          = {{Assessing the Potential of Multi-Temporal Conditional Generative Adversarial Networks in SAR-to-Optical Image Translation for Early-Stage Crop Monitoring}},
  journal        = {Remote Sensing},
  volume         = {16},
  year           = {2024},
  number         = {7},
  article-number = {1199},
  url            = {https://www.mdpi.com/2072-4292/16/7/1199},
  issn           = {2072-4292},
  doi            = {10.3390/rs16071199}
}


@article{S2MS_GAN,
  author         = {Liu, Yang and Han, Qingcen and Yang, Hong and Hu, Huizhu},
  title          = {{High-Resolution SAR-to-Multispectral Image Translation Based on S2MS-GAN}},
  journal        = {Remote Sensing},
  volume         = {16},
  year           = {2024},
  number         = {21},
  article-number = {4045},
  url            = {https://www.mdpi.com/2072-4292/16/21/4045},
  issn           = {2072-4292},
  doi            = {10.3390/rs16214045}
}

@misc{ViT_2020,
  title         = {{An Image is Worth 16x16 Words: Transformers for Image Recognition at Scale}},
  author        = {Alexey Dosovitskiy and Lucas Beyer and Alexander Kolesnikov and Dirk Weissenborn and Xiaohua Zhai and Thomas Unterthiner and Mostafa Dehghani and Matthias Minderer and Georg Heigold and Sylvain Gelly and Jakob Uszkoreit and Neil Houlsby},
  year          = {2021},
  eprint        = {2010.11929},
  archiveprefix = {arXiv},
  primaryclass  = {cs.CV},
  url           = {https://arxiv.org/abs/2010.11929}
}

@article{s2o_ViT_cGAN,
  author  = {Park, Shinyoung and Lee, Hojung and Lee, Seongwook},
  journal = {IEEE Sensors Journal},
  title   = {{SAR-to-Optical Image Translation Using Vision Transformer-Based CGAN}},
  year    = {2025},
  volume  = {25},
  number  = {10},
  pages   = {18503-18514},
  doi     = {10.1109/JSEN.2025.3555933}
}

@incollection{book_Physics_Techniques_RS,
  title     = {{Introduction}},
  booktitle = {Introduction to the Physics and Techniques of Remote Sensing},
  author    = {Charles Elachi and Jakob van Zyl},
  chapter   = {1},
  pages     = {1--18},
  publisher = {John Wiley \& Sons, Ltd},
  year      = {2021},
  isbn      = {9781119523048},
  doi       = {10.1002/9781119523048.ch1},
  url       = {https://onlinelibrary.wiley.com/doi/abs/10.1002/9781119523048.ch1}
}

@incollection{book_Satellite_RS,
  author    = {Chuvieco, Emilio},
  title     = {{Introduction}},
  booktitle = {Fundamentals of Satellite Remote Sensing: An Environmental Approach},
  publisher = {CRC Press},
  year      = {2020},
  doi       = {10.1201/9780429506482},
  isbn      = {9780429506482},
  url       = {https://www.taylorfrancis.com/books/mono/10.1201/9780429506482/fundamentals-satellite-remote-sensing-emilio-chuvieco}
}

@article{Landsat-8,
  title   = {{Landsat-8: Science and product vision for terrestrial global change research}},
  journal = {Remote Sensing of Environment},
  volume  = {145},
  pages   = {154-172},
  year    = {2014},
  issn    = {0034-4257},
  doi     = {https://doi.org/10.1016/j.rse.2014.02.001},
  url     = {https://www.sciencedirect.com/science/article/pii/S003442571400042X},
  author  = {D.P. Roy and M.A. Wulder and T.R. Loveland and Woodcock C.E. and R.G. Allen and M.C. Anderson and D. Helder and J.R. Irons and D.M. Johnson and R. Kennedy and T.A. Scambos and C.B. Schaaf and J.R. Schott and Y. Sheng and E.F. Vermote and A.S. Belward and R. Bindschadler and W.B. Cohen and F. Gao and J.D. Hipple and P. Hostert and J. Huntington and C.O. Justice and A. Kilic and V. Kovalskyy and Z.P. Lee and L. Lymburner and J.G. Masek and J. McCorkel and Y. Shuai and R. Trezza and J. Vogelmann and R.H. Wynne and Z. Zhu}
}

@article{RS_platforms_survey,
  title   = {{Remote sensing platforms and sensors: A survey}},
  journal = {ISPRS Journal of Photogrammetry and Remote Sensing},
  volume  = {115},
  pages   = {22-36},
  year    = {2016},
  note    = {Theme issue 'State-of-the-art in photogrammetry, remote sensing and spatial information science'},
  issn    = {0924-2716},
  doi     = {https://doi.org/10.1016/j.isprsjprs.2015.10.004},
  url     = {https://www.sciencedirect.com/science/article/pii/S0924271615002270},
  author  = {Charles Toth and Grzegorz JÃ³ÅºkÃ³w}
}

@online{ESA_Copernicus,
  author = {{European Space Agency (ESA)}},
  title  = {{Copernicus: Sentinel Missions}},
  year   = {2024},
  url    = {https://www.esa.int/Applications/Observing_the_Earth/Copernicus},
  note   = {Accessed: 3 September 2025}
}

@online{ESA_SentinelMissions,
  author = {{European Space Agency}},
  title  = {{Copernicus: Sentinel Missions}},
  year   = {2024},
  url    = {https://sentinels.copernicus.eu/missions},
  note   = {Accessed: 3 September 2025}
}

@online{sentiwiki,
  author = {{European Space Agency (ESA)}},
  title  = {{SentiWiki -- Copernicus Sentinels}},
  year   = {2025},
  url    = {https://sentiwiki.copernicus.eu/web/},
  note   = {Accessed: 6 September 2025}
}

@article{dl_cloud_detection_survey,
  author         = {Wang, Zhengxin and Zhao, Longlong and Meng, Jintao and Han, Yu and Li, Xiaoli and Jiang, Ruixia and Chen, Jinsong and Li, Hongzhong},
  title          = {{Deep Learning-Based Cloud Detection for Optical Remote Sensing Images: A Survey}},
  journal        = {Remote Sensing},
  volume         = {16},
  year           = {2024},
  number         = {23},
  article-number = {4583},
  url            = {https://www.mdpi.com/2072-4292/16/23/4583},
  issn           = {2072-4292},
  doi            = {10.3390/rs16234583}
}

@inproceedings{aCGAN_fuse_sar_MS,
  author    = {Grohnfeldt, Claas and Schmitt, Michael and Zhu, Xiaoxiang},
  booktitle = {IGARSS 2018 - 2018 IEEE International Geoscience and Remote Sensing Symposium},
  title     = {{A Conditional Generative Adversarial Network to Fuse Sar And Multispectral Optical Data For Cloud Removal From Sentinel-2 Images}},
  year      = {2018},
  volume    = {},
  number    = {},
  pages     = {1726-1729},
  keywords  = {Synthetic aperture radar;Optical sensors;Optical imaging;Clouds;Remote sensing;Adaptive optics;Generative adversarial networks;SAR;optical remote sensing;data fusion;deep learning;generative adversarial network (GAN);cloud-removal},
  doi       = {10.1109/IGARSS.2018.8519215}
}

@article{CR_SEN2_dRNN,
  title    = {{Cloud removal in Sentinel-2 imagery using a deep residual neural network and SAR-optical data fusion}},
  journal  = {ISPRS Journal of Photogrammetry and Remote Sensing},
  volume   = {166},
  pages    = {333-346},
  year     = {2020},
  issn     = {0924-2716},
  doi      = {https://doi.org/10.1016/j.isprsjprs.2020.05.013},
  url      = {https://www.sciencedirect.com/science/article/pii/S0924271620301398},
  author   = {Andrea Meraner and Patrick Ebel and Xiao Xiang Zhu and Michael Schmitt},
  keywords = {Cloud removal, Optical imagery, SAR-optical, Data fusion, Deep learning, Residual network}
}

@article{sar_2_opt_CGAN_survey_taxonomy,
  author         = {Xiong, Quan and Li, Guoqing and Yao, Xiaochuang and Zhang, Xiaodong},
  title          = {{SAR-to-Optical Image Translation and Cloud Removal Based on Conditional Generative Adversarial Networks: Literature Survey, Taxonomy, Evaluation Indicators, Limits and Future Directions}},
  journal        = {Remote Sensing},
  volume         = {15},
  year           = {2023},
  number         = {4},
  article-number = {1137},
  url            = {https://www.mdpi.com/2072-4292/15/4/1137},
  issn           = {2072-4292},
  doi            = {10.3390/rs15041137}
}

@article{CR_Advances_Review_ORS,
  author  = {Ning, Jin and Xie, Lianbin and Yin, Jie and Liu, Yiguang},
  journal = {IEEE Journal of Selected Topics in Applied Earth Observations and Remote Sensing},
  title   = {{Cloud Removal Advances: A Comprehensive Review and Analysis for Optical Remote Sensing Images}},
  year    = {2025},
  volume  = {18},
  number  = {},
  pages   = {15914-15930},
  doi     = {10.1109/JSTARS.2025.3580718}
}

@misc{s2o_Thermodynamics,
  title         = {{SAR-to-Optical Image Translation via Thermodynamics-inspired Network}},
  author        = {Mingjin Zhang and Jiamin Xu and Chengyu He and Wenteng Shang and Yunsong Li and Xinbo Gao},
  year          = {2023},
  eprint        = {2305.13839},
  archiveprefix = {arXiv},
  primaryclass  = {cs.CV},
  url           = {https://arxiv.org/abs/2305.13839}
}

@article{SAR_DeCR,
  author         = {Wang, Meilin and Hu, Shihao and Song, Yexing and Shi, Yukai},
  title          = {{SAR-DeCR: Latent Diffusion for SAR-Fused Thick Cloud Removal}},
  journal        = {Remote Sensing},
  volume         = {17},
  year           = {2025},
  number         = {13},
  article-number = {2241},
  url            = {https://www.mdpi.com/2072-4292/17/13/2241},
  issn           = {2072-4292},
  doi            = {10.3390/rs17132241}
}

@article{single_variation,
  title   = {{An image transform to characterize and compensate for spatial variations in thin cloud contamination of Landsat images}},
  journal = {Remote Sensing of Environment},
  volume  = {82},
  number  = {2},
  pages   = {173-187},
  year    = {2002},
  issn    = {0034-4257},
  doi     = {https://doi.org/10.1016/S0034-4257(02)00034-2},
  url     = {https://www.sciencedirect.com/science/article/pii/S0034425702000342},
  author  = {Y Zhang and B Guindon and J Cihlar}
}

@inproceedings{single_haze_removal_dark_prior,
  author    = {Kaiming He and Jian Sun and Xiaoou Tang},
  booktitle = {2009 IEEE Conference on Computer Vision and Pattern Recognition},
  title     = {{Single image haze removal using dark channel prior}},
  year      = {2009},
  volume    = {},
  number    = {},
  pages     = {1956-1963},
  doi       = {10.1109/CVPR.2009.5206515}
}

@inproceedings{single_artifact_free_CR_GAN,
  author    = {Toizumi, Takahiro and Zini, Simone and Sagi, Kazutoshi and Kaneko, Eiji and Tsukada, Masato and Schettini, Raimondo},
  booktitle = {2019 IEEE International Conference on Image Processing (ICIP)},
  title     = {{Artifact-Free Thin Cloud Removal Using Gans}},
  year      = {2019},
  volume    = {},
  number    = {},
  pages     = {3596-3600},
  doi       = {10.1109/ICIP.2019.8803652}
}

@article{single_thin_CR_ORS_GAN_phys,
  title    = {{Thin cloud removal in optical remote sensing images based on generative adversarial networks and physical model of cloud distortion}},
  journal  = {ISPRS Journal of Photogrammetry and Remote Sensing},
  volume   = {166},
  pages    = {373-389},
  year     = {2020},
  issn     = {0924-2716},
  doi      = {https://doi.org/10.1016/j.isprsjprs.2020.06.021},
  url      = {https://www.sciencedirect.com/science/article/pii/S0924271620301787},
  author   = {Jun Li and Zhaocong Wu and Zhongwen Hu and Jiaqi Zhang and Mingliang Li and Lu Mo and Matthieu Molinier},
  keywords = {Cloud removal, Thin clouds, Physical model of cloud distortion, Generative Adversarial Networks (GANs), Image decomposition}
}

@inproceedings{single_multi_DR_CR,
  author    = {Yang, Qiaoqiao and Wang, Guangxing and Zhao, Yaxuan and Zhang, Xiaoyu and Dong, Guoshuai and Ren, Peng},
  booktitle = {IGARSS 2020 - 2020 IEEE International Geoscience and Remote Sensing Symposium},
  title     = {{Multi-Scale Deep Residual Learning for Cloud Removal}},
  year      = {2020},
  volume    = {},
  number    = {},
  pages     = {4967-4970},
  doi       = {10.1109/IGARSS39084.2020.9323261}
}

@article{single_CR_DLM_matting,
  author         = {Ma, Deying and Wu, Renzhe and Xiao, Dongsheng and Sui, Baikai},
  title          = {{Cloud Removal from Satellite Images Using a Deep Learning Model with the Cloud-Matting Method}},
  journal        = {Remote Sensing},
  volume         = {15},
  year           = {2023},
  number         = {4},
  article-number = {904},
  url            = {https://www.mdpi.com/2072-4292/15/4/904},
  issn           = {2072-4292},
  doi            = {10.3390/rs15040904}
}

@article{single_AGLC_GAN,
  title    = {{AGLC-GAN: Attention-based global-local cycle-consistent generative adversarial networks for unpaired single image dehazing}},
  journal  = {Image and Vision Computing},
  volume   = {140},
  pages    = {104859},
  year     = {2023},
  issn     = {0262-8856},
  doi      = {https://doi.org/10.1016/j.imavis.2023.104859},
  url      = {https://www.sciencedirect.com/science/article/pii/S0262885623002330},
  author   = {R.S. Jaisurya and Snehasis Mukherjee},
  keywords = {Image Dehazing, CycleGAN, Attention, Unpaired}
}

@article{single_PNBT_CR,
  author  = {Yan, Yiming and He, Yanming and Su, Nan and He, Guangjun and Fu, Han},
  journal = {IEEE Geoscience and Remote Sensing Letters},
  title   = {{PNBT-CR: A Cloud Removal Method for Ship Detection}},
  year    = {2024},
  volume  = {21},
  number  = {},
  pages   = {1-5},
  doi     = {10.1109/LGRS.2024.3361150}
}

@article{single_CGAN_scattering_martian,
  author   = {Ye, Hongxia and Xiang, Haiyue and Xu, Feng},
  journal  = {IEEE Transactions on Geoscience and Remote Sensing},
  title    = {{Cycle-GAN Network Incorporated With Atmospheric Scattering Model for Dust Removal of Martian Optical Images}},
  year     = {2024},
  volume   = {62},
  number   = {},
  pages    = {1-13},
  keywords = {Atmospheric modeling;Scattering;Optical scattering;Optical imaging;Optical sensors;Image restoration;Atmosphere;Atmospheric scattering model;curiosity rover;cycle-consistent generative adversarial network (Cycle-GAN);dust removal;Martian optical images},
  doi      = {10.1109/TGRS.2024.3432601}
}

@misc{GLF_CR,
  title         = {{GLF-CR: SAR-Enhanced Cloud Removal with Global-Local Fusion}},
  author        = {Fang Xu and Yilei Shi and Patrick Ebel and Lei Yu and Gui-Song Xia and Wen Yang and Xiao Xiang Zhu},
  year          = {2022},
  eprint        = {2206.02850},
  archiveprefix = {arXiv},
  primaryclass  = {cs.CV},
  url           = {https://arxiv.org/abs/2206.02850}
}

@article{expl_ML_CR_Cameroon,
  author  = {Mvogo, Joseph Ngono and Noumsi, Woguia Auguste Vigny and Wirba, Pountianus Berinyuy},
  title   = {{Exploration of machine learning techniques for cloud removal and gap filling on Sentinel-2 time series images for better exploitation in far North Cameroon}},
  journal = {Discover Applied Sciences},
  year    = {2025},
  volume  = {7},
  number  = {8},
  pages   = {843},
  doi     = {10.1007/s42452-025-07026-w},
  url     = {https://doi.org/10.1007/s42452-025-07026-w},
  issn    = {3004-9261}
}

@article{RS_Data_Fusion_GANs_sota,
  author  = {Liu, Peng and Li, Jun and Wang, Lizhe and He, Guojin},
  journal = {IEEE Geoscience and Remote Sensing Magazine},
  title   = {{Remote Sensing Data Fusion With Generative Adversarial Networks: State-of-the-art methods and future research directions}},
  year    = {2022},
  volume  = {10},
  number  = {2},
  pages   = {295-328},
  doi     = {10.1109/MGRS.2022.3165967}
}

@article{genAI_HS_sens_data_review,
  author  = {Abuhani, Diaa Addeen and Zualkernan, Imran and Aldamani, Raghad and Alshafai, Mohamed},
  journal = {IEEE Journal of Selected Topics in Applied Earth Observations and Remote Sensing},
  title   = {{Generative Artificial Intelligence for Hyperspectral Sensor Data: A Review}},
  year    = {2025},
  volume  = {18},
  number  = {},
  pages   = {6422-6439},
  doi     = {10.1109/JSTARS.2025.3538759}
}

@misc{GANs_Goodfellow,
  title         = {{Generative Adversarial Networks}},
  author        = {Ian J. Goodfellow and Jean Pouget-Abadie and Mehdi Mirza and Bing Xu and David Warde-Farley and Sherjil Ozair and Aaron Courville and Yoshua Bengio},
  year          = {2014},
  eprint        = {1406.2661},
  archiveprefix = {arXiv},
  primaryclass  = {stat.ML},
  url           = {https://arxiv.org/abs/1406.2661}
}

@misc{DDPM_2020,
  title         = {{Denoising Diffusion Probabilistic Models}},
  author        = {Jonathan Ho and Ajay Jain and Pieter Abbeel},
  year          = {2020},
  eprint        = {2006.11239},
  archiveprefix = {arXiv},
  primaryclass  = {cs.LG},
  url           = {https://arxiv.org/abs/2006.11239}
}

@article{IHS_wavelet_Zhang2019,
  author  = {Zhang, Wenyuan and Xu, Min},
  title   = {{Translate SAR Data into Optical Image Using IHS and Wavelet Transform Integrated Fusion}},
  journal = {Journal of the Indian Society of Remote Sensing},
  year    = {2019},
  volume  = {47},
  number  = {1},
  pages   = {125--137},
  doi     = {10.1007/s12524-018-0879-7},
  url     = {https://doi.org/10.1007/s12524-018-0879-7},
  issn    = {0974-3006}
}

@misc{pix2pix_2018,
  title         = {{Image-to-Image Translation with Conditional Adversarial Networks}},
  author        = {Phillip Isola and Jun-Yan Zhu and Tinghui Zhou and Alexei A. Efros},
  year          = {2018},
  eprint        = {1611.07004},
  archiveprefix = {arXiv},
  primaryclass  = {cs.CV},
  url           = {https://arxiv.org/abs/1611.07004}
}

@misc{U_net_2015,
  title         = {{U-Net: Convolutional Networks for Biomedical Image Segmentation}},
  author        = {Olaf Ronneberger and Philipp Fischer and Thomas Brox},
  year          = {2015},
  eprint        = {1505.04597},
  archiveprefix = {arXiv},
  primaryclass  = {cs.CV},
  url           = {https://arxiv.org/abs/1505.04597}
}

@misc{adam_optimizer_2017,
  title         = {{Adam: A Method for Stochastic Optimization}},
  author        = {Diederik P. Kingma and Jimmy Ba},
  year          = {2017},
  eprint        = {1412.6980},
  archiveprefix = {arXiv},
  primaryclass  = {cs.LG},
  url           = {https://arxiv.org/abs/1412.6980}
}

@inproceedings{kiwa_auto_Delineation_BAs,
  author    = {Hofmann, Peter and Trofanisin, Nichita and WÃ¶llmann, Sebastian},
  booktitle = {2024 14th International Conference on Advanced Computer Information Technologies (ACIT)},
  title     = {{Automatic Delineation of Burned Forest Areas from Satellite Imagery to Analyze and Manage Wildfires}},
  year      = {2024},
  volume    = {},
  number    = {},
  pages     = {766-771},
  doi       = {10.1109/ACIT62333.2024.10712578}
}

@online{THD_ZAF,
  author = {{Technische Hochschule Deggendorf}},
  title  = {{Zentrum fÃ¼r Angewandte Forschung (ZAF)}},
  year   = {2025},
  url    = {https://zaf.th-deg.de/},
  note   = {Accessed: Sep. 19, 2025}
}

@online{KIWA_Project,
  author = {{KIWA Project}},
  title  = {{KI-basierte WaldÃ¼berwachung â€“ AI-based Forest Monitoring}},
  year   = {2025},
  url    = {https://www.kiwa-projekt.de/eng/home},
  note   = {Accessed: Sep. 19, 2025}
}

@article{quality_assessment_S2OT,
  author         = {Zhang, Jiexin and Zhou, Jianjiang and Li, Minglei and Zhou, Huiyu and Yu, Tianzhu},
  title          = {{Quality Assessment of SAR-to-Optical Image Translation}},
  journal        = {Remote Sensing},
  volume         = {12},
  year           = {2020},
  number         = {21},
  article-number = {3472},
  url            = {https://www.mdpi.com/2072-4292/12/21/3472},
  issn           = {2072-4292},
  doi            = {10.3390/rs12213472}
}

@article{c_guided_fus_s2ot,
  author  = {Xiang, Xuanyu and Tan, Yihua and Yan, Longfei},
  journal = {IEEE Transactions on Geoscience and Remote Sensing},
  title   = {{Cloud-Guided Fusion With SAR-to-Optical Translation for Thick Cloud Removal}},
  year    = {2024},
  volume  = {62},
  number  = {},
  pages   = {1-15},
  doi     = {10.1109/TGRS.2024.3431556}
}

@article{transfusion_cr,
  author  = {Liu, Rui and Meng, Siqi and Peng, Yini and Tian, Xin},
  journal = {IEEE Transactions on Geoscience and Remote Sensing},
  title   = {{TransFusion-CR: Two-Phase SAR-to-Optical Translation and Deep Feature Fusion for Cloud Removal}},
  year    = {2024},
  volume  = {62},
  number  = {},
  pages   = {1-11},
  doi     = {10.1109/TGRS.2024.3439854}
}

@article{trans_gan_CF,
  author  = {Li, Congyu and Liu, Xinxin and Li, Shutao},
  journal = {IEEE Transactions on Geoscience and Remote Sensing},
  title   = {{Transformer Meets GAN: Cloud-Free Multispectral Image Reconstruction via Multisensor Data Fusion in Satellite Images}},
  year    = {2023},
  volume  = {61},
  number  = {},
  pages   = {1-13},
  doi     = {10.1109/TGRS.2023.3326545}
}

@article{hvt_cgan,
  author  = {Zhao, Wenbo and Jiang, Nana and Liao, Xiaoxin and Zhu, Jubo},
  journal = {IEEE Transactions on Geoscience and Remote Sensing},
  title   = {{HVT-cGAN: Hybrid Vision Transformer cGAN for SAR-to-Optical Image Translation}},
  year    = {2025},
  volume  = {63},
  number  = {},
  pages   = {1-17},
  doi     = {10.1109/TGRS.2024.3523040}
}

@inproceedings{msf_gan,
  author    = {Chen, YongKang and Zhu, Zuguo and Huang, Yan and Wang, Peng and Huang, Bo and Mura, Mauro Dalla},
  booktitle = {IGARSS 2024 - 2024 IEEE International Geoscience and Remote Sensing Symposium},
  title     = {{MSF: A Multi-Scale Fusion Generative Adversarial Network for SAR-to-Optical Image Translation}},
  year      = {2024},
  volume    = {},
  number    = {},
  pages     = {9058-9061},
  doi       = {10.1109/IGARSS53475.2024.10640486}
}

@article{diffusion_memory,
  author  = {Guo, Zhe and Liu, Jiayi and Cai, Qinglin and Zhang, Zhibo and Mei, Shaohui},
  journal = {IEEE Journal of Selected Topics in Applied Earth Observations and Remote Sensing},
  title   = {{Learning SAR-to-Optical Image Translation via Diffusion Models With Color Memory}},
  year    = {2024},
  volume  = {17},
  number  = {},
  pages   = {14454-14470},
  doi     = {10.1109/JSTARS.2024.3439516}
}

@article{cond_brownian,
  author  = {Kim, Seon-Hoon and Chung, Daewon},
  journal = {IEEE Geoscience and Remote Sensing Letters},
  title   = {{Conditional Brownian Bridge Diffusion Model for VHR SAR to Optical Image Translation}},
  year    = {2025},
  volume  = {22},
  number  = {},
  pages   = {1-5},
  doi     = {10.1109/LGRS.2025.3562401}
}

@article{iqa_ssim,
  author  = {Zhou Wang and Bovik, A.C. and Sheikh, H.R. and Simoncelli, E.P.},
  journal = {IEEE Transactions on Image Processing},
  title   = {{Image quality assessment: from error visibility to structural similarity}},
  year    = {2004},
  volume  = {13},
  number  = {4},
  pages   = {600-612},
  doi     = {10.1109/TIP.2003.819861}
}

@article{iqa_psnr,
  title    = {{Visual-PSNR measure of image quality}},
  journal  = {Journal of Visual Communication and Image Representation},
  volume   = {25},
  number   = {5},
  pages    = {874-878},
  year     = {2014},
  issn     = {1047-3203},
  doi      = {https://doi.org/10.1016/j.jvcir.2014.01.008},
  url      = {https://www.sciencedirect.com/science/article/pii/S1047320314000091},
  author   = {Alexander Tanchenko},
  keywords = {Image quality, Objective measure of image quality, Peak signal-to-noise ratio, Block-based compression algorithm, Subjective image quality, Image database, Mean opinion score, Human visual system}
}

@inproceedings{iqa_lpips,
  author    = {Zhang, Richard and Isola, Phillip and Efros, Alexei A. and Shechtman, Eli and Wang, Oliver},
  booktitle = {2018 IEEE/CVF Conference on Computer Vision and Pattern Recognition},
  title     = {{The Unreasonable Effectiveness of Deep Features as a Perceptual Metric}},
  year      = {2018},
  volume    = {},
  number    = {},
  pages     = {586-595},
  doi       = {10.1109/CVPR.2018.00068}
}


@misc{iqa_fid,
  title         = {{GANs Trained by a Two Time-Scale Update Rule Converge to a Local Nash Equilibrium}},
  author        = {Martin Heusel and Hubert Ramsauer and Thomas Unterthiner and Bernhard Nessler and Sepp Hochreiter},
  year          = {2018},
  eprint        = {1706.08500},
  archiveprefix = {arXiv},
  primaryclass  = {cs.LG},
  url           = {https://arxiv.org/abs/1706.08500}
}

@article{iqa_sam,
  title   = {{The spectral image processing system (SIPS)â€”interactive visualization and analysis of imaging spectrometer data}},
  journal = {Remote Sensing of Environment},
  volume  = {44},
  number  = {2},
  pages   = {145-163},
  year    = {1993},
  note    = {Airbone Imaging Spectrometry},
  issn    = {0034-4257},
  doi     = {https://doi.org/10.1016/0034-4257(93)90013-N},
  url     = {https://www.sciencedirect.com/science/article/pii/003442579390013N},
  author  = {F.A. Kruse and A.B. Lefkoff and J.W. Boardman and K.B. Heidebrecht and A.T. Shapiro and P.J. Barloon and A.F.H. Goetz}
}

@misc{nvidia_Understanding_SSIM,
  title         = {{Understanding SSIM}},
  author        = {Jim Nilsson and Tomas Akenine-MÃ¶ller},
  year          = {2020},
  eprint        = {2006.13846},
  archiveprefix = {arXiv},
  primaryclass  = {eess.IV},
  url           = {https://arxiv.org/abs/2006.13846}
}

@article{checkerboard_deconvolution,
  author  = {Odena, Augustus and Dumoulin, Vincent and Olah, Chris},
  title   = {{Deconvolution and Checkerboard Artifacts}},
  journal = {Distill},
  year    = {2016},
  url     = {http://distill.pub/2016/deconv-checkerboard},
  doi     = {10.23915/distill.00003}
}

@article{bench_sar_color,
  title   = {{A benchmarking protocol for SAR colorization: From regression to deep learning approaches}},
  journal = {Neural Networks},
  volume  = {169},
  pages   = {698-712},
  year    = {2024},
  issn    = {0893-6080},
  doi     = {https://doi.org/10.1016/j.neunet.2023.10.058},
  url     = {https://www.sciencedirect.com/science/article/pii/S0893608023006238},
  author  = {Kangqing Shen and Gemine Vivone and Xiaoyuan Yang and Simone Lolli and Michael Schmitt}
}

@article{cr_fuse_HR_GEN,
  author         = {Gao, Jianhao and Yuan, Qiangqiang and Li, Jie and Zhang, Hai and Su, Xin},
  title          = {{Cloud Removal with Fusion of High Resolution Optical and SAR Images Using Generative Adversarial Networks}},
  journal        = {Remote Sensing},
  volume         = {12},
  year           = {2020},
  number         = {1},
  article-number = {191},
  url            = {https://www.mdpi.com/2072-4292/12/1/191},
  issn           = {2072-4292},
  doi            = {10.3390/rs12010191}
}

@inproceedings{ls_gan,
  author    = { Mao, Xudong and Li, Qing and Xie, Haoran and Lau, Raymond Y.K. and Wang, Zhen and Smolley, Stephen Paul },
  booktitle = { 2017 IEEE International Conference on Computer Vision (ICCV) },
  title     = {{ Least Squares Generative Adversarial Networks }},
  year      = {2017},
  volume    = {},
  issn      = {2380-7504},
  pages     = {2813-2821},
  doi       = {10.1109/ICCV.2017.304},
  url       = {https://doi.ieeecomputersociety.org/10.1109/ICCV.2017.304},
  publisher = {IEEE Computer Society},
  address   = {Los Alamitos, CA, USA},
  month     = Oct
}
