@article{huang2015,
  title={Cloud removal from optical satellite imagery with SAR imagery using sparse representation},
  author={Huang, Bo and Li, Yansong and Han, Xiaoying and Cui, Yu and Li, Wei and Li, Rui},
  journal={IEEE Geoscience and Remote Sensing Letters},
  volume={12},
  number={5},
  pages={1046--1050},
  year={2015}
}

@article{xu2016,
  title={Cloud removal based on sparse representation via multitemporal dictionary learning},
  author={Xu, Mingsheng and Jia, Xiuping and Pickering, Mark and Plaza, Antonio J},
  journal={IEEE Transactions on Geoscience and Remote Sensing},
  volume={54},
  number={5},
  pages={2998--3006},
  year={2016}
}

@inproceedings{goodfellow2014,
  title={Generative adversarial nets},
  author={Goodfellow, Ian and others},
  booktitle={Advances in Neural Information Processing Systems},
  volume={27},
  year={2014}
}

@misc{mirza2014,
  title={Conditional generative adversarial nets},
  author={Mirza, Mehdi and Osindero, Simon},
  year={2014},
  eprint={1411.1784},
  archivePrefix={arXiv},
  primaryClass={cs.LG}
}

@article{swinunet2023,
  title={Swin-{UN}et: \textit{Unet}-like pure transformer for medical image segmentation},
  author={Cao, Hui and Wang, Yanning and Chen, Jianlong and Jiang, Dongsheng and Zhang, Xin and Tian, Qi and Wang, Miaomiao},
  booktitle={In Computer Vision – ECCV 2022 Workshops},
  pages={205--218},
  year={2023}
}

@inproceedings{isola2017image,
  title     = {Image-to-Image Translation with Conditional Adversarial Networks},
  author    = {Isola, Phillip and Zhu, Jun-Yan and Zhou, Tinghui and Efros, Alexei A.},
  booktitle = {Proceedings of the IEEE Conference on Computer Vision and Pattern Recognition (CVPR)},
  year      = {2017},
  pages     = {1125--1134}
}
@article{enomoto2017,
  title={Image restoration from satellite cloud contamination using multispectral conditional GAN},
  author={Enomoto, Ryosuke and others},
  journal={Remote Sensing (likely)},
  year={2017}
}

@inproceedings{grohnfeldt2018,
  title={A conditional generative adversarial network to fuse SAR and multispectral optical data for cloud removal from Sentinel-2 images},
  author={Grohnfeldt, Claas and Schmitt, Michael and Zhu, Xiao Xiang},
  booktitle={ISPRS TC III Mid-term Symposium},
  year={2018}
}

@inproceedings{bermudez2018,
  title={Synthesis of multispectral optical images from SAR/optical multitemporal data using conditional GANs},
  author={Bermudez, Jose and Happ, Philipp and Boulch, Alexandre and others},
  booktitle={IGARSS},
  year={2018}
}

@inproceedings{schmitt2018,
  title={The SEN1-2 dataset for deep learning in SAR-optical data fusion},
  author={Schmitt, Michael and Hughes, L. H. and Zhu, Xiao Xiang},
  booktitle={ISPRS Annals of Photogrammetry, Remote Sensing and Spatial Information Sciences},
  volume={IV-1},
  pages={141--146},
  year={2018}
}

@inproceedings{schmitt2019,
  title={SEN12MS--A curated dataset of georeferenced multi-spectral Sentinel-1/2 imagery for deep learning and data fusion},
  author={Schmitt, Michael and Hughes, L. H. and Qiu, C. and Zhu, Xiao Xiang},
  booktitle={ISPRS Annals of Photogrammetry, Remote Sensing and Spatial Information Sciences},
  volume={IV-2/W7},
  pages={153--160},
  year={2019}
}

@article{fuentes2019,
  title={SAR-to-Optical Image Translation Based on Conditional Generative Adversarial Networks—Optimization, Opportunities and Limits},
  author={Fuentes Reyes, M. and Auer, S. and Merkle, N. and Henry, C. and Schmitt, M.},
  journal={Remote Sensing},
  volume={11},
  number={17},
  pages={2067},
  year={2019}
}

@article{wang2019,
  title={SAR-to-optical image translation using supervised cycle-consistent adversarial networks},
  author={Wang, L. and Xu, X. and Yu, Y. and Yang, R. and Gui, R. and Xu, Z. and Pu, F.},
  journal={IEEE Access},
  volume={7},
  pages={129136--129149},
  year={2019}
}

@article{meraner2020,
  title={Cloud removal in Sentinel-2 imagery using a deep residual neural network and SAR-optical data fusion},
  author={Meraner, A. and Ebel, P. and Zhu, Xiao Xiang and Schmitt, M.},
  journal={ISPRS Journal of Photogrammetry and Remote Sensing},
  volume={166},
  pages={333--346},
  year={2020}
}

@misc{abady2020,
  title={GAN generation of synthetic multispectral satellite images},
  author={Abady, L. and others},
  year={2020},
  note={Online; ResearchGate}
}

@misc{pan2020,
  title={Cloud removal for remote sensing imagery via spatial attention generative adversarial network},
  author={Pan, B. and others},
  year={2020},
  eprint={2009.13015},
  archivePrefix={arXiv}
}

@article{gao2020,
  title={Cloud removal with fusion of high-resolution optical and SAR images using generative adversarial networks},
  author={Gao, Feng and others},
  journal={Remote Sensing},
  volume={12},
  number={1},
  pages={191},
  year={2020}
}

@inproceedings{naderi2021,
  title={Cloud removal in remote sensing images using generative adversarial networks with dilated residual inception blocks},
  author={Naderi Darbaghshahi, F. and Mohammadi, M. R.},
  booktitle={IGARSS},
  year={2021}
}

@article{ebel2022,
  title={UnCRtainTS: Uncertainty quantification for cloud removal in optical satellite time series},
  author={Ebel, P. and others},
  journal={arXiv preprint},
  eprint={2304.05464},
  year={2022}
}

@article{bai2023,
  title={Conditional diffusion for SAR to optical image translation},
  author={Bai, W. and others},
  journal={IEEE Transactions on Geoscience and Remote Sensing},
  year={2023}
}

@misc{zou2023,
  title={DiffCR: A fast conditional diffusion framework for cloud removal from optical satellite images},
  author={Zou, H. and others},
  year={2023},
  eprint={2308.04417},
  archivePrefix={arXiv}
}

@misc{bai2024,
  title={SAR to Optical Image Translation with Color Supervised Diffusion Model},
  author={Bai, W. and others},
  year={2024},
  eprint={2407.16921},
  archivePrefix={arXiv}
}

@article{kwak2024,
  title={Assessing the potential of multi-temporal conditional GANs in SAR-to-optical image translation for early-stage crop monitoring},
  author={Kwak, H. and Park, S.},
  journal={Remote Sensing},
  volume={16},
  number={7},
  pages={1199},
  year={2024}
}

@article{liu2024,
  title={High-Resolution SAR-to-Multispectral Image Translation Based on S2MS-GAN},
  author={Liu, J. and others},
  journal={Remote Sensing},
  volume={16},
  number={21},
  pages={4045},
  year={2024}
}

@article{dosovitskiy2020,
  title={An image is worth 16×16 words: Transformers for image recognition at scale},
  author={Dosovitskiy, A. and others},
  journal={arXiv preprint},
  eprint={2010.11929},
  year={2020}
}

@inproceedings{park2025,
  title={SAR-to-optical image translation using Vision Transformer-based cGAN},
  author={Park, S. and others},
  booktitle={IGARSS},
  year={2025}
}

@article{gu2023,
  title={Mamba: Linear-time sequence modeling with selective state spaces},
  author={Gu, A. and Dao, T.},
  journal={arXiv preprint},
  eprint={2312.00752},
  year={2023}
}

@article{umamba2024,
  title={U-Mamba: Enhancing Long-range Dependency for Biomedical Image Segmentation},
  author={Ma, Jun and Li, Feifei and Wang, Bo},
  journal={arXiv preprint},
  eprint={2401.04722},
  year={2024}
}

@article{swinumamba2024,
  title={Swin-UMamba: Mamba-based UNet with ImageNet-based pretraining},
  author={Liu, Jiarun and Yang, Hao and Zhou, Hong-Yu and Xi, Yan and Yu, Lequan and Yu, Yizhou and Liang, Yong and Shi, Guangming and Zhang, Shaoting and Zheng, Hairong and Wang, Shanshan},
  journal={arXiv preprint},
  eprint={2402.03302},
  year={2024}
}

@inproceedings{swinumamba2024micipai,
  title={Swin-UMamba: Mamba-based UNet with ImageNet-based pretraining},
  author={Liu, Jiarun and others},
  booktitle={MICCAI 2024 Workshop},
  year={2024}
}
